@misc{6lobac,
	shorthand = "6lo-6lobac-00",
	author = "K. Lynn and J. Martocci and C. Neilson and S. Donaldson",
	title = "Transmission of IPv6 over MS/TP Networks",
	year = 2014,
	month = jul,
	organization = "IETF",
	howpublished = "draft-ietf-6lo-6lobac-00",
	url = "https://tools.ietf.org/html/draft-ietf-6lo-6lobac-00"
}

@misc{6lowpan,
	shorthand = "RFC 4944",
	author = "G. Montenegro and N. Kushalnagar and J. Hui and D. Culler",
	title = "Transmission of IPv6 Packets over IEEE 802.15.4 Networks",
	year = 2007,
	month = sep,
	organization = "IETF",
	howpublished = "RFC 4944",
	url = "https://tools.ietf.org/html/rfc4919"
}

@misc{6lowpan-c,
	shorthand = "RFC 6282",
	author = "J. Hui and P. Thubert",
	title = "Compression Format for IPv6 Datagrams over IEEE 802.15.4-Based Networks",
	year = 2011,
	month = sep,
	organization = "IETF",
	howpublished = "RFC 6282",
	url = "https://tools.ietf.org/html/rfc6282"
}

@techreport{802-15-4,
	shorthand = "IEEE 802.15.4",
	title = "IEEE Standard for Local and metropolitan area networks -- Part 15.4: Low-Rate Wireless Personal Area Networks (LR-WPANs)",
	year = 2006,
	type = "IEEE Standard",
	number = "802.15.4",
	url = "http://standards.ieee.org/about/get/802/802.15.html"
}

@inproceedings{actor,
	author = "C. Hewitt and P. Bishop and R. Steiger",
	title = "A Universal Modular ACTOR Formalism for Artificial Intelligence",
	booktitle = "Proceedings of the 3rd International Joint Conference on Artificial Intelligence",
	series = "IJCAI'73",
	year = 1973,
	location = "Stanford, USA",
	pages = "235--245",
	numpages = 11,
	url = "http://dl.acm.org/citation.cfm?id=1624775.1624804",
	acmid = 1624804,
	publisher = "Morgan Kaufmann Publishers Inc.",
	address = "San Francisco, CA, USA",
} 

@misc{block,
	shorthand = "core-block-17",
	author = "C. Bormann and Z. Shelby",
	title = "Block-wise transfers in CoAP",
	year = 2015,
	month = mar,
	organization = "IETF",
	howpublished = "draft-ietf-core-block-17",
	url = "https://tools.ietf.org/html/draft-ietf-core-block-17"
}

@misc{c10k,
	author = "D. Kegel",
	title = "The C10K problem",
	url = "http://www.kegel.com/c10k.html",
	urldate = "2015-03-09"
}

@misc{californium,
	title = "Californium (Cf) CoAP framework",
	url = "https://eclipse.org/californium",
	urldate = "2015-03-09"
}

@misc{californium-dtls,
	author = "S. Jucker",
	title = "Securing the Constrained Application Protocol",
	year = 2012,
	month = oct,
	url = "https://people.inf.ethz.ch/mkovatsc/resources/californium/cf-dtls-thesis.pdf",
	urldate = "2015-03-09"
}

@misc{cbor,
	shorthand = "RFC 7049",
	author = "C. Bormann and P. Hoffman",
	title = "Concise Binary Object Representation (CBOR)",
	year = 2013,
	month = oct,
	organization = "IETF",
	howpublished = "RFC 7049",
	url = "https://tools.ietf.org/html/rfc7049"
}

@misc{cbor-gem,
	author = "C. Bormann et al.",
	title = "CBOR (RFC 7049) extension for Ruby",
	url = "https://github.com/cabo/cbor-ruby",
	urldate = "2015-03-09"
}

@misc{celluloid,
	title = "Celluloid",
	url = "https://celluloid.io",
	urldate = "2015-03-09"
}

@misc{celluloid-io,
	title = "Celluloid::IO",
	url = "https://github.com/celluloid/celluloid-io",
	urldate = "2015-03-09"
}

@misc{celluloid-readme,
	title = "Celluloid README",
	url = "https://github.com/celluloid/celluloid/blob/v0.16.0/README.md",
	urldate = "2015-03-09"
}

@inproceedings{cf-scale,
	author = "M. Kovatsch and M. Lanter and Z. Shelby",
	title = "Californium: Scalable Cloud Services for the Internet of Things through CoAP",
	year = 2014,
	month = oct,
	booktitle = "Proceedings of the 4th International Conference on the Internet of Things (IoT 2014)",
	address = "Cambridge, MA, USA",
	url = "http://www.vs.inf.ethz.ch/publ/papers/mkovatsc-2014-iot-californium.pdf",
	urldate = "2015-03-09"
}

@misc{cgi,
	title = "The Common Gateway Interface",
	url = "http://web.archive.org/web/20100127161358/http://hoohoo.ncsa.illinois.edu/cgi",
	urldate = "2015-03-09"
}

@misc{coap,
	shorthand = "RFC 7252",
	author = "Z. Shelby and K. Hartke and C. Bormann",
	title = "Constrained Application Protocol (CoAP)",
	year = 2014,
	month = jun,
	organization = "IETF",
	howpublished = "RFC 7252",
	url = "https://tools.ietf.org/html/rfc7252"
}

@misc{coap-guide,
	shorthand = "lwig-coap-01",
	author = "M. Kovatsch and O. Bergmann and E. Dijk and X. He and C. Bormann",
	title = "CoAP Implementation Guidance",
	year = 2014,
	month = jul,
	organization = "IETF",
	howpublished = "draft-ietf-lwig-coap-01",
	url = "https://tools.ietf.org/html/draft-ietf-lwig-coap-01"
}

@misc{coap-group,
	shorthand = "RFC 7390",
	author = "A. Rahman and E. Dijk",
	title = "Group Communication for the Constrained Application Protocol (CoAP)",
	year = 2014,
	month = oct,
	organization = "IETF",
	howpublished = "RFC 7390",
	url = "https://tools.ietf.org/html/rfc7390"
}

@misc{coap-list-1,
	title = "Constrained Application Protocol -- Wikipedia, the free encyclopedia",
	url = "https://en.wikipedia.org/wiki/CoAP#Implementations",
	urldate = "2015-03-09"
}

@misc{coap-list-2,
	title = "CoAP -- Constrained Application Protocol | Implementations",
	url = "http://coap.technology/impls.html",
	urldate = "2015-03-09"
}

@misc{coap-mapping,
	shorthand = "core-http-mapping-06",
	author = "A. Castellani and S. Loreto and A. Rahman and T. Fossati and E. Dijk",
	title = "Guidelines for HTTP-CoAP Mapping Implementations",
	year = 2015,
	month = mar,
	organization = "IETF",
	howpublished = "draft-ietf-core-http-mapping-06",
	url = "https://tools.ietf.org/html/draft-ietf-core-http-mapping-06"
}

@article{coap-paper,
	author = "C. Bormann and A. P. Castellani and Z. Shelby",
	title = "CoAP: An Application Protocol for Billions of Tiny Internet Nodes",
	year = 2012,
	month = mar,
	journal = "Internet Computing, IEEE",
	volume = 16,
	number = 2,
	pages = "62-67",
	doi = "10.1109/MIC.2012.29",
	ISSN = "1089-7801",
	url = "http://dx.doi.org/10.1109/MIC.2012.29"
}

@misc{coap-streaming,
	shorthand = "core-coap-streaming-00",
	author = "S. Loreto and O. Novo",
	title = "CoAP Streaming",
	year = 2012,
	month = mar,
	organization = "IETF",
	howpublished = "draft-loreto-core-coap-streaming-00",
	url = "https://tools.ietf.org/html/draft-loreto-core-coap-streaming-00"
}

@misc{codtls,
	shorthand = "schmertmann-dice-codtls-01",
	author = "L. Schmertmann and K. Hartke and C. Bormann",
	title = "CoDTLS: DTLS handshakes over CoAP",
	year = 2014,
	month = aug,
	organization = "IETF",
	howpublished = "draft-ietf-schmertmann-dice-codtls-01",
	url = "https://tools.ietf.org/html/draft-ietf-schmertmann-dice-codtls-01"
}

@misc{dtls,
	shorthand = "RFC 6347",
	author = "E. Rescorla and N. Modadugu",
	title = "Datagram Transport Layer Security Version 1.2",
	year = 2012,
	month = jan,
	organization = "IETF",
	howpublished = "RFC 6347",
	url = "https://tools.ietf.org/html/rfc6347"
}

%	shorthand = "keoh-dtls-multicast-security-00",
@misc{dtls-multicast,
	author = "S. Keoh and S. S. Kumar and O. Garcia-Morchon and E. Dijk",
	title = "DTLS-based Multicast Security for Low-Power and Lossy Networks (LLNs)",
	year = 2013,
	month = jul,
	organization = "IETF",
	howpublished = "draft-keoh-dtls-multicast-security-00",
	url = "https://tools.ietf.org/html/draft-keoh-dtls-multicast-security-00"
}

@misc{dtls-profile,
	shorthand = "dice-profile-09",
	author = "H. Tschofenig and T. Fossati",
	title = "A TLS/DTLS 1.2 Profile for the Internet of Things",
	year = 2015,
	month = jan,
	organization = "IETF",
	howpublished = "draft-ietf-dice-profile-09",
	url = "https://tools.ietf.org/html/draft-ietf-dice-profile-09"
}

@misc{erbium,
	title = "Erbium (Er) REST Engine and CoAP Implementation for Contiki",
	url = "http://people.inf.ethz.ch/mkovatsc/erbium.php",
	urldate = "2015-03-09"
}

@misc{etsi-plugtests,
	title = "ETSI CTI Plugtests Guide First Draft V0.0.15 (2012-02)",
	year = 2012,
	month = feb,
	url = "http://www.etsi.org/plugtests/CoAP/Document/CoAP_TestDescriptions_v015.pdf",
	urldate = "2015-03-09"
}

@misc{gplv3,
	shorthand = "GPLv3",
	title = "GNU General Public License",
	version = 3,
	year = 2007,
	month = jun,
	organization = "Free Software Foundation",
	url = "http://www.gnu.org/licenses/gpl.html"
}

@misc{grape,
	title = "Grape | REST-like API micro-framework",
	url = "http://intridea.github.io/grape",
	urldate = "2015-03-09"
}

@misc{http-0,
	shorthand = "RFC 7230",
	author = "R. Fielding and J. Reschke",
	title = "Hypertext Transfer Protocol (HTTP/1.1): Message Syntax and Routing",
	year = 2014,
	month = jun,
	organization = "IETF",
	howpublished = "RFC 7230",
	url = "https://tools.ietf.org/html/rfc7230"
}

@misc{http-1,
	shorthand = "RFC 7231",
	author = "R. Fielding and J. Reschke",
	title = "Hypertext Transfer Protocol (HTTP/1.1): Semantics and Content",
	year = 2014,
	month = jun,
	organization = "IETF",
	howpublished = "RFC 7231",
	url = "https://tools.ietf.org/html/rfc7231"
}

@misc{http-2,
	shorthand = "RFC 7232",
	author = "R. Fielding and J. Reschke",
	title = "Hypertext Transfer Protocol (HTTP/1.1): Conditional Requests",
	year = 2014,
	month = jun,
	organization = "IETF",
	howpublished = "RFC 7232",
	url = "https://tools.ietf.org/html/rfc7232"
}

@misc{http-3,
	shorthand = "RFC 7233",
	author = "R. Fielding and Y. Lafon and J. Reschke",
	title = "Hypertext Transfer Protocol (HTTP/1.1): Range Requests",
	year = 2014,
	month = jun,
	organization = "IETF",
	howpublished = "RFC 7233",
	url = "https://tools.ietf.org/html/rfc7233"
}

@misc{http-4,
	shorthand = "RFC 7234",
	author = "R. Fielding and M. Nottingham and J. Reschke",
	title = "Hypertext Transfer Protocol (HTTP/1.1): Caching",
	year = 2014,
	month = jun,
	organization = "IETF",
	howpublished = "RFC 7234",
	url = "https://tools.ietf.org/html/rfc7234"
}

@misc{http2,
	shorthand = "httpbis-http2-17",
	author = "M. Belshe and R. Peon and M. Thomson",
	title = "Hypertext Transfer Protocol version 2",
	year = 2015,
	month = feb,
	organization = "IETF",
	howpublished = "draft-ietf-httpbis-http2-17",
	url = "https://tools.ietf.org/html/draft-ietf-httpbis-http2-17"
}

@misc{http-bidir,
	shorthand = "RFC 6202",
	author = "S. Loreto and P. Saint-Andre and S. Salsano and G. Wilkins",
	title = "Known Issues and Best Practices for the Use of Long Polling and Streaming in Bidirectional HTTP",
	year = 2011,
	month = apr,
	organization = "IETF",
	howpublished = "RFC 6202",
	url = "https://tools.ietf.org/html/rfc6202"
}

@misc{hype-cycle,
	title = "Gartner's 2014 Hype Cycle for Emerging Technologies Maps the Journey to Digital Business",
	year = 2014,
	month = aug,
	url = "http://www.gartner.com/newsroom/id/2819918",
	urldate = "2015-03-09"
}

@misc{java-concurrenthashmap,
	title = "ConcurrentHashMap (Java Platform SE 7)",
	url = "http://docs.oracle.com/javase/7/docs/api/java/util/concurrent/ConcurrentHashMap.html",
	urldate = "2015-03-09"
}

@misc{json,
	shorthand = "RFC 7159",
	author = "T. Bray",
	title = "The JavaScript Object Notation (JSON) Data Interchange Format",
	year = 2014,
	month = mar,
	organization = "IETF",
	howpublished = "RFC 7159",
	url = "https://tools.ietf.org/html/rfc7159"
}

@misc{libcoap,
	author = "O. Bergmann",
	title = "libcoap: C-Implementation of CoAP",
	url = "http://sourceforge.net/projects/libcoap",
	urldate = "2015-03-09"
}

@misc{link,
	shorthand = "RFC 6690",
	author = "Z. Shelby",
	title = "Constrained RESTful Environments (CoRE) Link Format",
	year = 2012,
	month = aug,
	organization = "IETF",
	howpublished = "RFC 6690",
	url = "https://tools.ietf.org/html/rfc6690"
}

@misc{observe,
	shorthand = "core-observe-16",
	author = "K. Hartke",
	title = "Observing Resources in CoAP",
	year = 2014,
	month = dec,
	organization = "IETF",
	howpublished = "draft-ietf-core-observe-16",
	url = "https://tools.ietf.org/html/draft-ietf-core-observe-16"
}

@misc{pep333,
	shorthand = "PEP 333",
	author = "P. J. Eby",
	title = "Python Web Server Gateway Interface v1.0",
	year = 2011,
	month = mar,
	url = "https://legacy.python.org/dev/peps/pep-0333"
}

@misc{rack,
	shorthand = "Rack",
	title = "Rack interface specification",
	url = "http://rubydoc.info/github/rack/rack/master/file/SPEC",
	urldate = "2015-03-09"
}

@misc{rack-intro,
	author = "C. Neukirchen",
	title = "Introducing Rack",
	year = 2007,
	month = feb,
	url = "http://chneukirchen.org/blog/archive/2007/02/introducing-rack.html",
	urldate = "2015-03-09"
}

@misc{rails,
	title = "Ruby on Rails",
	url = "http://rubyonrails.org",
	urldate = "2015-03-09"
}

@misc{rails-engine,
	title = "Getting Started with Engines",
	url = "http://guides.rubyonrails.org/v4.2.0/engines.html",
	urldate = "2015-03-09"
}

@misc{railtie,
	title = "Rails::Railtie",
	url = "http://api.rubyonrails.org/classes/Rails/Railtie.html",
	urldate = "2015-03-09"
}

@misc{rd,
	shorthand = "core-resource-directory-02",
	author = "Z. Shelby and C. Bormann",
	title = "CoRE Resource Directory",
	year = 2014,
	month = nov,
	organization = "IETF",
	howpublished = "draft-ietf-core-resource-directory-02",
	url = "https://tools.ietf.org/html/draft-ietf-core-resource-directory-02"
}

@misc{reactor-1,
	author = "D. C. Schmidt",
	title = "Reactor - An Object Behavioral Pattern for Demultiplexing and Dispatching Handles for Synchronous Events",
	year = 1998,
	month = nov,
	url = "https://www.dre.vanderbilt.edu/~schmidt/PDF/reactor-siemens.pdf",
	urldate = "2015-03-09"
}

@book{reactor-2,
  author = "D. C. Schmidt and M. Stal and H. Rohnert and F. Buschmann",
  title = "Pattern-Oriented Software Architecture, Patterns for Concurrent and Networked Objects",
  volume = 2,
  year = 2013,
  publisher = "John Wiley \& Sons"
}

@misc{reel,
	title = "Reel -- Celluloid::IO-powered web server",
	url = "https://github.com/celluloid/reel",
	urldate = "2015-03-09"
}

@phdthesis{rest,
	shorthand = "REST",
	author = "R. T. Fielding",
	title = "Architectural Styles and the Design of Network-based Software Architectures",
	year = 2000,
	school = "University of California, Irvine",
	type = "Doctoral dissertation",
	url = "https://www.ics.uci.edu/~fielding/pubs/dissertation/top.htm",
	urldate = "2015-03-09"
}

@misc{rspec,
	title = "RSpec",
	url = "http://rspec.info",
	urldate = "2015-03-09"
}

@book{ruby-microscope,
	author = "P. Shaughnessy",
	title = "Ruby Under a Microscope: An Illustrated Guide to Ruby Internals",
	year = 2013,
	isbn = "1593275277, 9781593275273",
	publisher = "No Starch Press",
	address = "San Francisco, CA, USA",
	url = "http://patshaughnessy.net/ruby-under-a-microscope",
	urldate = "2015-03-09"
} 

@misc{ruby-style,
	author = "B. Batsov",
	title = "The Ruby Style Guide",
	url = "https://github.com/bbatsov/ruby-style-guide",
	urldate = "2015-03-09"
}

@misc{ruby-thread1,
	title = "Are all Ruby built-in objects thread safe?",
	url = "https://www.ruby-forum.com/topic/174086",
	urldate = "2015-03-09"
}

@misc{ruby-thread2,
	author = "J. Storimer",
	title = "Ruby core classes aren't thread-safe",
	url = "http://www.jstorimer.com/pages/ruby-core-classes-arent-thread-safe",
	urldate = "2015-03-09"
}

% TODO	Proper citation after dissertation release!
@misc{scalable-iot,
	author = "M. Kovatsch",
	title = "Scalable Web Technology for the Internet of Things",
	url = "http://people.inf.ethz.ch/mkovatsc/resources/mkovatsc-phdthesis-2015.pdf",
	urldate = "2015-03-09"
}

@misc{scalable-web,
	author = "B. Erb",
	title = "Concurrent Programming for Scalable Web Architectures",
	school = "Institute of Distributed Systems, Ulm University",
	year = 2012,
	month = apr,
	type = "Diploma Thesis",
	number = "VS-D01-2012",
	url = "https://berb.github.io/diploma-thesis",
	urldate = "2015-03-09"
}

@misc{sinatra,
	title = "Sinatra",
	url = "http://www.sinatrarb.com",
	urldate = "2015-03-09"
}

@article{sped,
	author = "C. M. Bowman and P. B. Danzig and D. R. Hardy, and U. Manber and M. F. Schwartz",
	title = "The Harvest Information Discovery and Access System",
	journal = "Comput. Netw. ISDN Syst.",
	issue_date = "Dec. 1995",
	volume = 28,
	number = "1-2",
	month = dec,
	year = 1995,
	issn = "0169-7552",
	pages = "119--125",
	numpages = 7,
	url = "http://dx.doi.org/10.1016/0169-7552(95)00098-5",
	doi = "10.1016/0169-7552(95)00098-5",
	acmid = 219110,
	publisher = "Elsevier Science Publishers B. V.",
	address = "Amsterdam, The Netherlands, The Netherlands"
} 

@techreport{sse,
	shorthand = "W3C REC eventsource",
	author = "I. Hickson",
	title = "Server-Sent Events",
	year = 2015,
	month = feb,
	institution = "W3C",
	type = "Recommendation",
	url = "http://www.w3.org/TR/eventsource",
	urldate = "2015-03-09"
}

@misc{terminology,
	shorthand = "RFC 7228",
	author = "C. Bormann and M. Ersue and A. Keranen",
	title = "Terminology for Constrained-Node Networks",
	year = 2014,
	month = may,
	organization = "IETF",
	howpublished = "RFC 7228",
	url = "https://tools.ietf.org/html/rfc7228"
}

@misc{thin,
	title = "Thin -- A fast and very simple Ruby web server",
	url = "http://code.macournoyer.com/thin",
	urldate = "2015-03-09"
}

@inproceedings{thin-server,
	author = "M. Kovatsch and S. Mayer and B. Ostermaier",
	title = "Moving Application Logic from the Firmware to the Cloud: Towards the Thin Server Architecture for the Internet of Things",
	booktitle = "Proceedings of the 2012 Sixth International Conference on Innovative Mobile and Internet Services in Ubiquitous Computing",
	series = "IMIS '12",
	year = 2012,
	isbn = "978-0-7695-4684-1",
	pages = "751--756",
	numpages = 6,
	url = "http://dx.doi.org/10.1109/IMIS.2012.104",
	doi = "10.1109/IMIS.2012.104",
	acmid = 2375959,
	publisher = "IEEE Computer Society",
	address = "Washington, DC, USA"
}

@misc{tls,
	shorthand = "RFC 5246",
	author = "T. Dierks and E. Rescorla",
	title = "The Transport Layer Security (TLS) Protocol Version 1.2",
	year = 2008,
	month = aug,
	organization = "IETF",
	howpublished = "RFC 5246",
	url = "https://tools.ietf.org/html/rfc5246"
}

@misc{unicorn,
	title = "Unicorn: Rack HTTP server for fast clients and Unix",
	url = "http://unicorn.bogomips.org",
	urldate = "2015-03-09"
}

@misc{uri-template,
	shorthand = "RFC 6570",
	author = "J. Gregorio and R. Fielding and M. Hadley and M. Nottingham and D. Orchard",
	title = "URI Template",
	year = 2012,
	month = mar,
	organization = "IETF",
	howpublished = "RFC 6570",
	url = "https://tools.ietf.org/html/rfc6570"
}

@misc{verizon,
	title = "State of the Market: The Internet of Things 2015",
	year = 2015,
	month = feb,
	organization = "Verizon Communications",
	url = "http://www.verizonenterprise.com/state-of-the-market-internet-of-things",
	urldate = "2015-03-09"
}

@inproceedings{webiot,
	author = "A. P. Castellani and M. Dissegna and N. Bui and M. Zorzi",
	title = "WebIoT: A web application framework for the internet of things.",
	year = 2012,
	timestamp = "2012-09-04T00:00:00.000+0200",
	booktitle = "WCNC Workshops",
	crossref = "conf/wcnc/2012w",
	isbn = "978-1-4673-0681-2",
	pages = "202-207",
	publisher = "IEEE",
	url = "http://ieeexplore.ieee.org/xpl/articleDetails.jsp?arnumber=6215491"
}

@misc{websocket,
	shorthand = "RFC 6455",
	author = "I. Fette and A. Melnikov",
	title = "The WebSocket Protocol",
	year = 2011,
	month = dec,
	organization = "IETF",
	howpublished = "RFC 6455",
	url = "https://tools.ietf.org/html/rfc6455"
}
